<record><leader>00000cas a22000007a 4500</leader><controlfield tag="001">29605945</controlfield><controlfield tag="008">940110d19931997azudn ne      0   a0eng c</controlfield><datafield ind1=" " ind2=" " tag="010"><subfield code="a">sn 94003641 </subfield></datafield><datafield ind1=" " ind2=" " tag="040"><subfield code="a">NSD</subfield><subfield code="b">eng</subfield><subfield code="c">NSD</subfield><subfield code="d">ANN</subfield><subfield code="d">NSD</subfield><subfield code="d">ANN</subfield><subfield code="d">OCLCQ</subfield><subfield code="d">OCLCF</subfield><subfield code="d">OCLCO</subfield></datafield><datafield ind1=" " ind2=" " tag="012"><subfield code="j">0</subfield><subfield code="l">1</subfield><subfield code="m">d</subfield></datafield><datafield ind1="1" ind2=" " tag="022"><subfield code="a">1074-1496</subfield><subfield code="l">1074-1496</subfield><subfield code="y">0888-0271</subfield><subfield code="2">1</subfield></datafield><datafield ind1="1" ind2=" " tag="029"><subfield code="a">AU@</subfield><subfield code="b">000010738460</subfield></datafield><datafield ind1=" " ind2=" " tag="042"><subfield code="a">nsdp</subfield><subfield code="a">pcc</subfield></datafield><datafield ind1=" " ind2=" " tag="043"><subfield code="a">n-us-az</subfield></datafield><datafield ind1=" " ind2="0" tag="222"><subfield code="a">Scottsdale progress tribune</subfield></datafield><datafield ind1="0" ind2="0" tag="245"><subfield code="a">Scottsdale progress tribune.</subfield></datafield><datafield ind1=" " ind2=" " tag="260"><subfield code="a">Scottsdale, Ariz. :</subfield><subfield code="b">Cox Arizona Publications, Inc.,</subfield><subfield code="c">1993-1997</subfield></datafield><datafield ind1=" " ind2=" " tag="300"><subfield code="a">v. :</subfield><subfield code="b">ill.</subfield></datafield><datafield ind1=" " ind2=" " tag="310"><subfield code="a">Daily</subfield></datafield><datafield ind1="0" ind2=" " tag="362"><subfield code="a">Aug. 16, 1993-v. 37, n. 123 (May 6, 1997).</subfield></datafield><datafield ind1=" " ind2=" " tag="500"><subfield code="a">Publisher: Thompson Newspapers, Inc., &lt;1997&gt;.</subfield></datafield><datafield ind1=" " ind2="0" tag="651"><subfield code="a">Scottsdale (Ariz.)</subfield><subfield code="v">Newspapers.</subfield></datafield><datafield ind1=" " ind2="0" tag="651"><subfield code="a">Maricopa County (Ariz.)</subfield><subfield code="v">Newspapers.</subfield></datafield><datafield ind1=" " ind2="7" tag="655"><subfield code="a">Newspapers.</subfield><subfield code="2">fast</subfield><subfield code="0">(OCoLC)fst01423814</subfield></datafield><datafield ind1=" " ind2="7" tag="651"><subfield code="a">Arizona</subfield><subfield code="z">Maricopa County.</subfield><subfield code="2">fast</subfield><subfield code="0">(OCoLC)fst01217111</subfield></datafield><datafield ind1=" " ind2="7" tag="651"><subfield code="a">Arizona</subfield><subfield code="z">Scottsdale.</subfield><subfield code="2">fast</subfield><subfield code="0">(OCoLC)fst01204372</subfield></datafield><datafield ind1=" " ind2=" " tag="752"><subfield code="a">United States</subfield><subfield code="b">Arizona</subfield><subfield code="c">Maricopa</subfield><subfield code="d">Scottsdale.</subfield></datafield><datafield ind1=" " ind2=" " tag="752"><subfield code="a">United States</subfield><subfield code="b">Arizona</subfield><subfield code="c">Maricopa</subfield><subfield code="d">Mesa.</subfield></datafield><datafield ind1="0" ind2="0" tag="780"><subfield code="t">Scottsdale progress</subfield><subfield code="x">0888-0271</subfield><subfield code="w">(DLC)sn 86013890</subfield></datafield><datafield ind1="0" ind2="0" tag="785"><subfield code="t">Scottsdale tribune</subfield><subfield code="x">1095-5976</subfield><subfield code="w">(DLC)sn 97001868</subfield></datafield><datafield ind1=" " ind2=" " tag="936"><subfield code="a">May 6, 1997 LIC</subfield></datafield></record>